@article{Riess:2009,
	doi = {10.1088/0004-637x/699/1/539},
	url = {https://doi.org/10.1088%2F0004-637x%2F699%2F1%2F539},
	year = 2009,
	month = {jun},
	publisher = {{IOP} Publishing},
	volume = {699},
	number = {1},
	pages = {539--563},
	author = {Adam G. Riess and Lucas Macri and Stefano Casertano and Megan Sosey and Hubert Lampeitl and Henry C. Ferguson and Alexei V. Filippenko and Saurabh W. Jha and Weidong Li and Ryan Chornock and Devdeep Sarkar},
	title = {A {REDETERMINATION} {OF} {THE} {HUBBLE} {CONSTANT} {WITH} {THEHUBBLE} {SPACE} {TELESCOPEFROM} A {DIFFERENTIAL} {DISTANCE} {LADDER}},
	journal = {The Astrophysical Journal},
	abstract = {This is the second of two papers reporting results from a program to determine the Hubble constant to ∼5% precision from a refurbished distance ladder based on extensive use of differential measurements. Here we report observations of 240 Cepheid variables obtained with the Near-Infrared Camera and Multi-Object Spectrometer (NICMOS) Camera 2 through the F160W filter on the Hubble Space Telescope (HST). The Cepheids are distributed across six recent hosts of Type Ia supernovae (SNe Ia) and the “maser galaxy” NGC 4258, allowing us to directly calibrate the peak luminosities of the SNe Ia from the precise, geometric distance measurements provided by the masers. New features of our measurement include the use of the same instrument for all Cepheid measurements across the distance ladder and homogeneity of the Cepheid periods and metallicities, thus necessitating only a differential measurement of Cepheid fluxes and reducing the largest systematic uncertainties in the determination of the fiducial SN Ia luminosity. In addition, the NICMOS measurements reduce the effects of differential extinction in the host galaxies by a factor of ∼5 over past optical data. Combined with a greatly expanded set of 240 SNe Ia at z < 0.1 which define their magnitude-redshift relation, we find H
	0 = 74.2 ± 3.6 km s–1 Mpc–1, a 4.8% uncertainty including both statistical and systematic errors. To independently test the maser calibration, we use 10 individual parallax measurements of Galactic Cepheids obtained with the HST fine guidance sensor and find similar results. We show that the factor of 2.2 improvement in the precision of H
	0 is a significant aid to the determination of the equation-of-state parameter of dark energy, w = P/(ρc
	2). Combined with the Wilkinson Microwave Anisotropy Probe five-year measurement of Ω
	M
	
	h
	2, we find w = –1.12 ± 0.12 independent of any information from high-redshift SNe Ia or baryon acoustic oscillations (BAO). This result is also consistent with analyses based on the combination of high-redshift SNe Ia and BAO. The constraints on w(z) now including high-redshift SNe Ia and BAO are consistent with a cosmological constant and are improved by a factor of 3 due to the refinement in H
	0 alone. We show that future improvements in the measurement of H
	0 are likely and should further contribute to multi-technique studies of dark energy.}
}

@article{ planck:2016,
	author = {{Planck Collaboration} and {Ade, P. A. R.} and {Aghanim, N.} and {Arnaud, M.} and {Ashdown, M.} and {Aumont, J.} and {Baccigalupi, C.} and {Banday, A. J.} and {Barreiro, R. B.} and {Bartlett, J. G.} and {Bartolo, N.} and {Battaner, E.} and {Battye, R.} and {Benabed, K.} and {Beno\^{\i}t, A.} and {Benoit-L\'evy, A.} and {Bernard, J.-P.} and {Bersanelli, M.} and {Bielewicz, P.} and {Bock, J. J.} and {Bonaldi, A.} and {Bonavera, L.} and {Bond, J. R.} and {Borrill, J.} and {Bouchet, F. R.} and {Boulanger, F.} and {Bucher, M.} and {Burigana, C.} and {Butler, R. C.} and {Calabrese, E.} and {Cardoso, J.-F.} and {Catalano, A.} and {Challinor, A.} and {Chamballu, A.} and {Chary, R.-R.} and {Chiang, H. C.} and {Chluba, J.} and {Christensen, P. R.} and {Church, S.} and {Clements, D. L.} and {Colombi, S.} and {Colombo, L. P. L.} and {Combet, C.} and {Coulais, A.} and {Crill, B. P.} and {Curto, A.} and {Cuttaia, F.} and {Danese, L.} and {Davies, R. D.} and {Davis, R. J.} and {de Bernardis, P.} and {de Rosa, A.} and {de Zotti, G.} and {Delabrouille, J.} and {D\'esert, F.-X.} and {Di Valentino, E.} and {Dickinson, C.} and {Diego, J. M.} and {Dolag, K.} and {Dole, H.} and {Donzelli, S.} and {Dor\'e, O.} and {Douspis, M.} and {Ducout, A.} and {Dunkley, J.} and {Dupac, X.} and {Efstathiou, G.} and {Elsner, F.} and {En\ss{}lin, T. A.} and {Eriksen, H. K.} and {Farhang, M.} and {Fergusson, J.} and {Finelli, F.} and {Forni, O.} and {Frailis, M.} and {Fraisse, A. A.} and {Franceschi, E.} and {Frejsel, A.} and {Galeotta, S.} and {Galli, S.} and {Ganga, K.} and {Gauthier, C.} and {Gerbino, M.} and {Ghosh, T.} and {Giard, M.} and {Giraud-H\'eraud, Y.} and {Giusarma, E.} and {Gjerl\o{}w, E.} and {Gonz\'alez-Nuevo, J.} and {G\'orski, K. M.} and {Gratton, S.} and {Gregorio, A.} and {Gruppuso, A.} and {Gudmundsson, J. E.} and {Hamann, J.} and {Hansen, F. K.} and {Hanson, D.} and {Harrison, D. L.} and {Helou, G.} and {Henrot-Versill\'e, S.} and {Hern\'andez-Monteagudo, C.} and {Herranz, D.} and {Hildebrandt, S. R.} and {Hivon, E.} and {Hobson, M.} and {Holmes, W. A.} and {Hornstrup, A.} and {Hovest, W.} and {Huang, Z.} and {Huffenberger, K. M.} and {Hurier, G.} and {Jaffe, A. H.} and {Jaffe, T. R.} and {Jones, W. C.} and {Juvela, M.} and {Keih\"anen, E.} and {Keskitalo, R.} and {Kisner, T. S.} and {Kneissl, R.} and {Knoche, J.} and {Knox, L.} and {Kunz, M.} and {Kurki-Suonio, H.} and {Lagache, G.} and {L\"ahteenm\"aki, A.} and {Lamarre, J.-M.} and {Lasenby, A.} and {Lattanzi, M.} and {Lawrence, C. R.} and {Leahy, J. P.} and {Leonardi, R.} and {Lesgourgues, J.} and {Levrier, F.} and {Lewis, A.} and {Liguori, M.} and {Lilje, P. B.} and {Linden-V\o{}rnle, M.} and {L\'opez-Caniego, M.} and {Lubin, P. M.} and {Mac\'{\i}as-P\'erez, J. F.} and {Maggio, G.} and {Maino, D.} and {Mandolesi, N.} and {Mangilli, A.} and {Marchini, A.} and {Maris, M.} and {Martin, P. G.} and {Martinelli, M.} and {Mart\'{\i}nez-Gonz\'alez, E.} and {Masi, S.} and {Matarrese, S.} and {McGehee, P.} and {Meinhold, P. R.} and {Melchiorri, A.} and {Melin, J.-B.} and {Mendes, L.} and {Mennella, A.} and {Migliaccio, M.} and {Millea, M.} and {Mitra, S.} and {Miville-Desch\^enes, M.-A.} and {Moneti, A.} and {Montier, L.} and {Morgante, G.} and {Mortlock, D.} and {Moss, A.} and {Munshi, D.} and {Murphy, J. A.} and {Naselsky, P.} and {Nati, F.} and {Natoli, P.} and {Netterfield, C. B.} and {N\o{}rgaard-Nielsen, H. U.} and {Noviello, F.} and {Novikov, D.} and {Novikov, I.} and {Oxborrow, C. A.} and {Paci, F.} and {Pagano, L.} and {Pajot, F.} and {Paladini, R.} and {Paoletti, D.} and {Partridge, B.} and {Pasian, F.} and {Patanchon, G.} and {Pearson, T. J.} and {Perdereau, O.} and {Perotto, L.} and {Perrotta, F.} and {Pettorino, V.} and {Piacentini, F.} and {Piat, M.} and {Pierpaoli, E.} and {Pietrobon, D.} and {Plaszczynski, S.} and {Pointecouteau, E.} and {Polenta, G.} and {Popa, L.} and {Pratt, G. W.} and {Pr\'ezeau, G.} and {Prunet, S.} and {Puget, J.-L.} and {Rachen, J. P.} and {Reach, W. T.} and {Rebolo, R.} and {Reinecke, M.} and {Remazeilles, M.} and {Renault, C.} and {Renzi, A.} and {Ristorcelli, I.} and {Rocha, G.} and {Rosset, C.} and {Rossetti, M.} and {Roudier, G.} and {Rouill\'e d\'{}Orfeuil, B.} and {Rowan-Robinson, M.} and {Rubi\~no-Mart\'{\i}n, J. A.} and {Rusholme, B.} and {Said, N.} and {Salvatelli, V.} and {Salvati, L.} and {Sandri, M.} and {Santos, D.} and {Savelainen, M.} and {Savini, G.} and {Scott, D.} and {Seiffert, M. D.} and {Serra, P.} and {Shellard, E. P. S.} and {Spencer, L. D.} and {Spinelli, M.} and {Stolyarov, V.} and {Stompor, R.} and {Sudiwala, R.} and {Sunyaev, R.} and {Sutton, D.} and {Suur-Uski, A.-S.} and {Sygnet, J.-F.} and {Tauber, J. A.} and {Terenzi, L.} and {Toffolatti, L.} and {Tomasi, M.} and {Tristram, M.} and {Trombetti, T.} and {Tucci, M.} and {Tuovinen, J.} and {T\"urler, M.} and {Umana, G.} and {Valenziano, L.} and {Valiviita, J.} and {Van Tent, F.} and {Vielva, P.} and {Villa, F.} and {Wade, L. A.} and {Wandelt, B. D.} and {Wehus, I. K.} and {White, M.} and {White, S. D. M.} and {Wilkinson, A.} and {Yvon, D.} and {Zacchei, A.} and {Zonca, A.}},
	title = {Planck 2015 results - XIII. Cosmological parameters},
	DOI= "10.1051/0004-6361/201525830",
	url= "https://doi.org/10.1051/0004-6361/201525830",
	journal = {A\&A},
	year = 2016,
	volume = 594,
	pages = "A13",
}